@ARTICLE{nagel,
author={Nagel, Laurence and Rohrer, R.},
journal={Solid-State Circuits, IEEE Journal of}, title={Computer analysis of nonlinear circuits, excluding radiation (CANCER)},
year={1971},
volume={6},
number={4},
pages={166-182},
keywords={Computer-aided circuit analysis;Integrated circuits;Nonlinear network analysis;Utility programs;computer-aided circuit analysis;integrated circuits;nonlinear network analysis;utility programs;Analytical models;Cancer;Circuit analysis;Circuit analysis computing;Circuit noise;Circuit simulation;Computational modeling;Nonlinear circuits;Sparse matrices;Transient analysis},
doi={10.1109/JSSC.1971.1050166},
ISSN={0018-9200},}

@ARTICLE{chung,
author={Chung-Wen Ho and Ruehli, Albert E. and Brennan, Pierce A.},
journal={Circuits and Systems, IEEE Transactions on}, title={The modified nodal approach to network analysis},
year={1975},
volume={22},
number={6},
pages={504-509},
keywords={Computer applications, circuit design;Computer-aided circuit analysis and design;Network analysis;Admittance;Cancer;Capacitors;Circuit analysis computing;Computer networks;Equations;Gyrators;Helium;Inductors;Voltage},
doi={10.1109/TCS.1975.1084079},
ISSN={0098-4094},}